%% This BibTeX bibliography file was created using BibDesk.
%% https://bibdesk.sourceforge.io/

%% Created for Frank Schultz at 2023-04-09 8:21:57 PM +0200 


%% Saved with string encoding Unicode (UTF-8) 



@inproceedings{McCormack2019_EAA,
	author = {Leo McCormack AND Symeon Delikaris-Manias},
	booktitle = {Proc. {EAA Spatial Audio Signal Processing Symposium}, Paris},
	date-added = {2023-04-06 8:39:04 PM +0200},
	date-modified = {2023-04-09 8:11:52 PM +0200},
	pages = {173-178},
	title = {{Parametric first-order ambisonic decoding for headphones utilising the cross-pattern coherence algorithm}},
	year = {2019}}

@inproceedings{Politis2017_Waspaa,
	author = {Archontis Politis AND Leo McCormack AND Ville Pulkki},
	booktitle = {Proc. IEEE Workshop on Applications of Signal Processing to Audio and Acoustics (WASPAA), New Paltz},
	date-added = {2023-04-06 8:34:21 PM +0200},
	date-modified = {2023-04-09 8:12:06 PM +0200},
	pages = {379-383},
	title = {Enhancement of ambisonic binaural reproduction using directional audio coding with optimal adaptive mixing},
	year = {2017}}

@article{Moeller1992,
	author = {Henrik M{\o}ller},
	date-added = {2023-04-04 3:32:50 PM +0200},
	date-modified = {2023-04-06 8:47:16 PM +0200},
	journal = {Appl. Acoust.},
	number = {3},
	pages = {171-218},
	title = {Fundamentals of binaural technology},
	volume = {36},
	year = {1992}}

@inproceedings{McCormack2019,
	author = {Leo McCormack AND Archontis Politis},
	booktitle = {Proc. Aud. Eng. Soc. Conf. Immersive and Interactive Audio, York},
	date-added = {2023-04-04 11:17:17 AM +0200},
	date-modified = {2023-04-04 11:18:16 AM +0200},
	title = {SPARTA \& COMPASS: Real-time implementations of linear and parametric spatial audio reproduction and processing methods},
	year = {2019}}

@inproceedings{McKeag1996,
	author = {Adam McKeag AND David S. McGrath},
	booktitle = {Proc. 6th Australian Regional Aud. Eng. Soc. Conv., Melbourne},
	date-added = {2023-04-04 11:10:58 AM +0200},
	date-modified = {2023-04-04 11:14:08 AM +0200},
	title = {Sound Field Format to Binaural Decoder with Head Tracking},
	year = {1996}}

@article{Armstrong2018,
	author = {Cal Armstrong AND Lewis Thresh AND Damian Murphy AND Gavin Kearney},
	date-added = {2023-04-04 11:03:36 AM +0200},
	date-modified = {2023-04-04 11:05:05 AM +0200},
	journal = {Appl. Sci.},
	number = {11},
	pages = {2029},
	title = {A Perceptual Evaluation of Individual and Non-Individual HRTFs: A Case Study of the SADIE II Database},
	volume = {8},
	year = {2018}}

@article{Luebeck2020,
	author = {Tim L{\"u}beck AND Hannes Helmholz AND Johannes M. Arend AND Christoph P{\"o}rschmann AND Jens Ahrens},
	date-added = {2023-04-04 10:55:55 AM +0200},
	date-modified = {2023-04-04 10:58:18 AM +0200},
	journal = {J. Aud. Eng. Soc.},
	number = {6},
	pages = {428--440},
	title = {Perceptual Evaluation of Mitigation Approaches of Impairments due to Spatial Undersampling in Binaural Rendering of Spherical Microphone Array Data},
	volume = {68},
	year = {2020}}

@article{Zaunschirm2018,
	author = {Markus Zaunschirm AND Christian Sch{\"o}rkhuber AND Robert H{\"o}ldrich},
	date-added = {2023-04-04 10:50:01 AM +0200},
	date-modified = {2023-04-04 10:51:23 AM +0200},
	journal = {J. Acoust. Soc. Am.},
	number = {6},
	pages = {3616--3627},
	title = {Binaural rendering of Ambisonic signals by head-related impulse response time alignment and a diffuseness constraint},
	volume = {143},
	year = {2018}}

@inproceedings{Schoerkhuber2019,
	author = {Christian Sch{\"o}rkhuber AND Robert H{\"o}ldrich},
	booktitle = {Proc. Aud. Eng. Soc. Conf. Immersive and Interactive Audio, York},
	date-added = {2023-04-04 10:47:08 AM +0200},
	date-modified = {2023-04-09 8:16:10 PM +0200},
	title = {Linearly and Quadratically Constrained Least-Squares Decoder for Signal-Dependent Binaural Rendering of Ambisonic Signals},
	year = {2019}}

@article{Engel2022,
	author = {Isaac Engel AND Dan F. M. Goodman AND Lorenzo Picinali},
	date-added = {2023-04-04 10:41:10 AM +0200},
	date-modified = {2023-04-09 8:18:32 PM +0200},
	journal = {Acta Acust},
	number = {4},
	title = {Assessing HRTF preprocessing methods for Ambisonics rendering through perceptual models},
	volume = {6},
	year = {2022}}

@inproceedings{Deppisch2021,
	author = {Thomas Deppisch AND Hannes Helmholz AND Jens Ahrens},
	booktitle = {Proc. Conf. Immersive and 3D Audio (I3DA), Bologna},
	date-added = {2023-04-04 10:37:02 AM +0200},
	date-modified = {2023-04-04 10:39:22 AM +0200},
	title = {End-to-End Magnitude Least Squares Binaural Rendering of Spherical Microphone Array Signals},
	year = {2021}}

@article{BenHur2018,
	author = {Zamir Ben-Hur AND Jonathan Sheaffer AND Boaz Rafaely},
	date-added = {2023-04-04 10:33:08 AM +0200},
	date-modified = {2023-04-04 10:34:38 AM +0200},
	journal = {Appl. Acoust.},
	pages = {138--144},
	title = {Joint sampling theory and subjective investigation of plane-wave and spherical harmonics formulations for binaural reproduction},
	volume = {134},
	year = {2018}}

@phdthesis{Politis2016_diss,
	author = {Archontis Politis},
	date-added = {2023-04-04 10:27:56 AM +0200},
	date-modified = {2023-04-04 10:28:52 AM +0200},
	school = {Aalto University},
	title = {Microphone array processing for parametric spatial audio techniques},
	year = {2016}}

@inproceedings{Therry2019_ICA,
	author = {David Therry and Brian F.G. Katz},
	booktitle = {Proc. 23rd Intl. Congress Acoustics, Aachen},
	date-added = {2023-04-03 8:44:39 PM +0200},
	date-modified = {2023-04-04 11:15:36 AM +0200},
	title = {Anechoic audio and 3D-video content database of small ensemble performances for virtual concerts},
	year = {2019}}

@book{Wilcox2022,
	author = {Rand R. Wilcox},
	edition = {5th},
	publisher = {Academic Press},
	title = {Introduction to Robust Estimation and Hypothesis Testing},
	year = {2022}}

@article{Campopiano2020_Hypothesize,
	author = {Allan Campopiano and Rand R. Wilcox},
	date-modified = {2023-04-09 8:19:36 PM +0200},
	journal = {J. Open Source Softw.},
	number = {50},
	pages = {2241},
	title = {Hypothesize: Robust Statistics for Python},
	volume = {5},
	year = {2020}}

@inproceedings{Politis2018_Compass,
	author = {Archontis Politis AND Sakari Tervo AND Ville Pulkki},
	booktitle = {Proc. IEEE Intl. Conf. Acoustics, Speech and Signal Processing (ICASSP), Calgary},
	date-modified = {2023-04-09 8:15:15 PM +0200},
	pages = {6802-6806},
	title = {COMPASS: Coding and Multidirectional Parameterization of Ambisonic Sound Scenes},
	year = {2018}}

@inproceedings{Schoerkhuber2018_MagLS,
	author = {Christian Sch{\"o}rkhuber AND Markus Zaunschirm AND Robert H{\"o}ldrich},
	booktitle = {Proc. 44th German Annu. Conf. Acoust. (DAGA), Munich},
	date-modified = {2023-04-09 8:12:26 PM +0200},
	pages = {339--342},
	title = {Binaural Rendering of Ambisonic Signals via Magnitude Least Squares},
	year = {2018}}

@book{Zotter2019_Ambisonics,
	author = {Franz Zotter AND Matthias Frank},
	edition = {1st},
	publisher = {Springer},
	title = {Ambisonics},
	year = {2019}}

@article{Schultz2023_Acta,
	author = {Frank Schultz AND Shaimaa Doma AND Sascha Spors AND Janina Fels},
	journal = {TBA as journal article},
	title = {Overall Perceived Quality for Mag-LS And Compass Ambisonics-To-Binaural Rendering Using Individualised vs. Non-Individualised HRTFs},
	year = {2023}}

@inproceedings{masiero2011_HpTF,
	author = {Masiero, Bruno and Fels, Janina},
	booktitle = {Proc. 130th Aud. Eng. Soc. Conv., London},
	date-modified = {2023-04-09 8:11:30 PM +0200},
	file = {Masiero and Fels - 2011 - Perceptually robust headphone equalization for bin.pdf:C\:\\Users\\shaim\\sciebo\\PhD\\Literatur\\HRTF modeling, measurement & processing\\Masiero and Fels - 2011 - Perceptually robust headphone equalization for bin.pdf:application/pdf},
	keywords = {HpTF},
	title = {Perceptually robust headphone equalization for binaural reproduction},
	year = {2011}}

@article{schmitz1995_KKac,
	author = {Schmitz, Alfred},
	date-modified = {2023-04-09 8:18:08 PM +0200},
	journal = {Acta Acust United Acust},
	keywords = {ITA KK, ITA Kunstkopf},
	number = {4},
	pages = {416--420},
	title = {Ein neues digitales {Kunstkopfme{\ss}system}},
	volume = {81},
	year = {1995}}

@article{kirkeby1998_reg,
	author = {Kirkeby, Ole and Nelson, Philip A and Hamada, Hareo and Orduna-Bustamante, Felipe},
	date-modified = {2023-04-09 8:17:33 PM +0200},
	journal = {IEEE Trans. Audio, Speech, Language Process. },
	keywords = {regularization},
	number = {2},
	pages = {189--194},
	title = {Fast deconvolution of multichannel systems using regularization},
	volume = {6},
	year = {1998}}

@article{majdak2007_mesm,
	author = {Majdak, Piotr and Balazs, Peter and Laback, Bernhard},
	journal = {J. Audio Eng. Soc.},
	keywords = {MESM},
	number = {7/8},
	pages = {623--637},
	title = {Multiple exponential sweep method for fast measurement of head-related transfer functions},
	volume = {55},
	year = {2007}}

@article{dietrich2013_optMesm,
	author = {Dietrich, Pascal and Masiero, Bruno and Vorl{\"a}nder, Michael},
	journal = {J. Audio Eng. Soc.},
	keywords = {MESM},
	number = {3},
	pages = {113--124},
	title = {On the optimization of the multiple exponential sweep method},
	volume = {61},
	year = {2013}}

@inproceedings{schroder2011_raven,
	author = {Schr{\"o}der, Dirk and Vorl{\"a}nder, Michael},
	booktitle = {Proc. Forum Acusticum, Aalborg},
	date-modified = {2023-04-09 8:12:41 PM +0200},
	pages = {1541--1546},
	title = {{RAVEN}: {A} real-time framework for the auralization of interactive virtual environments},
	year = {2011}}

@article{richter2019_influence,
	author = {Richter, Jan-Gerrit and Fels, Janina},
	date-modified = {2023-04-09 8:17:18 PM +0200},
	journal = {IEEE/ACM Trans. Audio, Speech, Language Process. },
	number = {4},
	pages = {730--741},
	title = {On the influence of continuous subject rotation during high-resolution head-related transfer function measurements},
	volume = {27},
	year = {2019}}

@inproceedings{ITA-Toolbox_2017,
	author = {Berzborn, Marco and Bomhardt, Ramona and Klein, Johannes and Richter, Jan-Gerrit and Vorl{\"a}nder, Michael},
	booktitle = {Proc. 43rd German Annu. Conf. Acoust. (DAGA), Kiel},
	date-modified = {2023-04-09 8:21:54 PM +0200},
	reportid = {RWTH-2017-03229},
	title = {{T}he {ITA}-{T}oolbox: {A}n {O}pen {S}ource {MATLAB} {T}oolbox for {A}coustic {M}easurements and {S}ignal {P}rocessing},
	year = {2017}}

@comment{BibDesk Static Groups{
<?xml version="1.0" encoding="UTF-8"?>
<!DOCTYPE plist PUBLIC "-//Apple//DTD PLIST 1.0//EN" "http://www.apple.com/DTDs/PropertyList-1.0.dtd">
<plist version="1.0">
<array>
	<dict>
		<key>group name</key>
		<string>Not yet</string>
		<key>keys</key>
		<string></string>
	</dict>
</array>
</plist>
}}
